@inproceedings{yang2022research,
	title={Research on the Application of MBTI in Organization},
	author={Yang, Yue},
	booktitle={2022 7th International Conference on Social Sciences and Economic Development (ICSSED 2022)},
	pages={1751--1754},
	year={2022},
	organization={Atlantis Press}
}

@article{boyle1995mbti,
	author = {Boyle, Gregory J.},
	year = {1995},
	month = {03},
	pages = {},
	title = {Myers-Briggs Type Indicator (MBTI): Some psychometric limitations},
	volume = {30},
	journal = {Humanities & Social Sciences papers},
	doi = {10.1111/j.1742-9544.1995.tb01750.x}
}
